%% Created using Papers on Sun, 13 Jan 2013.
%% http://mekentosj.com/papers/

@article{Antoniadis:2003bk,
author = {Antoniadis, A and Lambert-Lacroix, S and Leblanc, F},
title = {{Effective dimension reduction methods for tumor classification using gene expression data}},
journal = {Bioinformatics},
year = {2003},
volume = {19},
number = {5},
pages = {563--570},
month = mar,
annote = {This paper might be a good model to follow to compare several dimension reduction methods for classification of high-dimensional microarray data.}
}

@book{Bellman:1961tn,
author = {Bellman, R.E.},
title = {{Adaptive Control Processes: A Guided Tour}},
publisher = {Princeton University Press},
year = {1961}
}

@article{Clemmensen:2011kr,
author = {Clemmensen, Line and Hastie, Trevor and Witten, Daniela and Ersb{\o}ll, Bjarne},
title = {{Sparse Discriminant Analysis}},
journal = {Technometrics},
year = {2011},
volume = {53},
number = {4},
pages = {406--413},
month = nov
}

@article{Dudoit:2002ev,
author = {Dudoit, Sandrine and Fridlyand, Jane and Speed, Terence P},
title = {{Comparison of Discrimination Methods for the Classification of Tumors Using Gene Expression Data}},
journal = {Journal of the American Statistical Association},
year = {2002},
volume = {97},
number = {457},
pages = {77--87},
month = mar
}

@article{Friedman:1989tm,
author = {Friedman, Jerome},
title = {{Regularized Discriminant Analysis}},
journal = {Journal of the American Statistical Association},
year = {1989},
volume = {84},
pages = {165--175}
}

@article{Guo:2007te,
author = {Guo, Y and Hastie, T and Tibshirani, R},
title = {{Regularized linear discriminant analysis and its application in microarrays}},
journal = {Biostatistics},
year = {2007},
volume = {8},
number = {1},
pages = {86--100}
}

@book{Harville:2008wja,
author = {Harville, David A.},
title = {{Matrix Algebra From a Statistician's Perspective}},
publisher = {Springer},
year = {2008},
address = {New York}
}

@book{Hastie:2008dt,
author = {Hastie, Trevor and Tibshirani, Robert and Friedman, Jerome},
title = {{The Elements of Statistical Learning}},
publisher = {Springer New York},
year = {2008},
series = {Data Mining, Inference, and Prediction},
address = {New York, NY},
edition = {2nd},
month = dec
}

@article{Hoerl:1970cd,
author = {Hoerl, Arthur E and Kennard, Robert W},
title = {{Ridge Regression: Biased Estimation for Nonorthogonal Problems}},
journal = {Technometrics},
year = {1970},
volume = {12},
number = {1},
pages = {55--67},
month = feb
}

@article{Hoyle:2011vt,
author = {Hoyle, David C},
title = {{Accuracy of Pseudo-Inverse Covariance Learning---A Random Matrix Theory Analysis}},
journal = {IEEE Transactions on Signal Processing},
year = {2011},
volume = {33},
number = {7},
month = jul
}

@article{Huang:2010ju,
author = {Huang, Song and Tong, Tiejun and Zhao, Hongyu},
title = {{Bias-Corrected Diagonal Discriminant Rules for High-Dimensional Classification}},
journal = {Biometrics},
year = {2010},
volume = {66},
number = {4},
pages = {1096--1106},
month = mar
}

@book{Izenman:2008gm,
author = {Izenman, Alan J.},
title = {{Modern Multivariate Statistical Techniques}},
publisher = {Springer},
year = {2008},
series = {Springer Texts in Statistics},
address = {New York},
annote = {Regression, classification, and manifold learning}
}

@article{Marco:1987bj,
author = {Marco, Virgil R and Young, Dean M and Turner, Danny W},
title = {{The Euclidean distance classifier: an alternative to the linear discriminant function}},
journal = {Communications in Statistics - Simulation and Computation},
year = {1987},
volume = {16},
number = {2},
pages = {485--505},
month = jan
}

@book{McLachlan:1992dl,
author = {McLachlan, Geoffrey J.},
title = {{Discriminant Analysis and Statistical Pattern Recognition}},
publisher = {John Wiley and Sons Inc.},
year = {1992},
series = {Wiley Series in Probability and Mathematical Statistics: Applied Probability and Statistics},
address = {New York}
}

@inproceedings{Merchante:2012vk,
author = {Merchante, Luis Francisco Sanchez and Grandvalet, Yves and Govaert, Gerrad},
title = {{An Efficient Approach to Sparse Linear Discriminant Analysis}},
booktitle = {Proceedings of the 29th International Conference on Machine Learning},
year = {2012},
address = {Edinburgh, Scotland, UK},
annote = {Excellent paper from ICML 2012.

Given the high quality of this conference proceedings, which is trying to move to a journal format, we should aim for here in the future.}
}

@article{Mkhadri:1997gy,
author = {Mkhadri, A},
title = {{Regularization in discriminant analysis: an overview}},
journal = {Computational Statistics and Data Analysis},
year = {1997},
volume = {23},
number = {3},
pages = {403--423},
month = jan
}

@article{Mkhadri:1995jp,
author = {Mkhadri, A},
title = {{Shrinkage parameter for the modified linear discriminant analysis}},
journal = {Pattern Recognition Letters},
year = {1995},
volume = {16},
number = {3},
pages = {267--275},
month = mar
}

@book{Murphy:2012uq,
author = {Murphy, Kevin P},
title = {{Machine Learning: A Probabilistic Perspective}},
publisher = {The MIT Press},
year = {2012},
address = {Cambridge, Massachusetts},
month = aug
}

@article{Pang:2009ik,
author = {Pang, Herbert and Tong, Tiejun and Zhao, Hongyu},
title = {{Shrinkage-based Diagonal Discriminant Analysis and Its Applications in High-Dimensional Data}},
journal = {Biometrics},
year = {2009},
volume = {65},
number = {4},
pages = {1021--1029},
month = mar
}

@article{Ramey:2011ji,
author = {Ramey, John and Young, Phil D},
title = {{A comparison of regularization methods applied to the linear discriminant function with high-dimensional microarray data}},
journal = {Journal of Statistical Computation and Simulation},
year = {2011},
pages = {1--16},
month = oct
}

@article{Raudys:1998dd,
author = {Raudys, Sarunas and Duin, Robert P.W.},
title = {{Expected classification error of the Fisher linear classifier with pseudo-inverse covariance matrix}},
journal = {Pattern Recognition Letters},
year = {1998},
volume = {19},
number = {5-6},
pages = {385--392},
month = apr
}

@book{Seber:2004uh,
author = {Seber, George A F},
title = {{Multivariate Observations}},
publisher = {Wiley-Interscience},
year = {2004},
series = {Wiley Series in Probability and Statistics},
month = aug
}

@article{Srivastava:2007ww,
author = {Srivastava, Muni S. and Kubokawa, Tatsuya},
title = {{Comparison of discrimination methods for high dimensional data}},
journal = {Journal of the Japan Statistical Society},
year = {2007},
volume = {37},
number = {1},
pages = {123--134}
}

@article{Srivastava:2007ud,
author = {Srivastava, Santosh and Gupta, Maya R and Frigyik, B{\'e}la A},
title = {{Bayesian quadratic discriminant analysis}},
journal = {The Journal of Machine Learning Research},
year = {2007},
volume = {8},
pages = {1277--1305}
}

@article{Thomaz:2006ef,
author = {Thomaz, Carlos Eduardo and Kitani, Edson Caoru and Gillies, Duncan Fyfe},
title = {{A maximum uncertainty LDA-based approach for limited sample size problems --- with application to face recognition}},
journal = {Journal of the Brazilian Computer Society},
year = {2006},
volume = {12},
number = {2},
pages = {7--18},
month = jun
}

@article{Tibshirani:2002ht,
author = {Tibshirani, Robert and Hastie, Trevor and Narasimhan, Balasubramanian and Chu, Gilbert},
title = {{Diagnosis of multiple cancer types by shrunken centroids of gene expression.}},
journal = {Proceedings of the National Academy of Sciences of the United States of America},
year = {2002},
volume = {99},
number = {10},
pages = {6567--6572},
month = may
}

@article{Tong:2012hw,
author = {Tong, T and Chen, L and Zhao, H},
title = {{Improved mean estimation and its application to diagonal discriminant analysis}},
journal = {Bioinformatics},
year = {2012},
volume = {28},
number = {4},
pages = {531--537},
month = feb,
annote = {This paper is an extension of DLDA that uses a Stein estimator for the mean. The simulation design is limited, and the authors only considered the Golub data set.

This would be a natural method to consider for comparison with SimDiag.}
}

@article{Witten:2011kc,
author = {Witten, Daniela M and Tibshirani, Robert},
title = {{Penalized classification using Fisher's linear discriminant}},
journal = {Journal of the Royal Statistical Society: Series B (Statistical Methodology)},
year = {2011},
volume = {73},
number = {5},
pages = {753--772},
month = aug
}

@article{Xu:2009fl,
author = {Xu, Ping and Brock, Guy N and Parrish, Rudolph S},
title = {{Modified linear discriminant analysis approaches for classification of high-dimensional microarray data}},
journal = {Computational Statistics and Data Analysis},
year = {2009},
volume = {53},
number = {5},
pages = {1674--1687},
month = mar
}

@incollection{Ye:2009gd,
author = {Ye, Jieping and Ji, Shuiwang},
title = {{Discriminant Analysis for Dimensionality Reduction: An Overview of Recent Developments}},
booktitle = {Biometrics: Theory, Methods, and Applications},
year = {2009},
editor = {Boulgouris, Nikolaos V and Plataniotis, Konstantinos N and Micheli-Tzanakou, Evangelia},
pages = {1--19},
publisher = {John Wiley {\&} Sons, Inc.},
address = {Hoboken, NJ, USA},
month = oct
}

@article{Zhang:2010va,
author = {Zhang, Zhihua and Dai, Guang and Xu, Congfu and Jordan, Michael I},
title = {{Regularized Discriminant Analysis, Ridge Regression and Beyond}},
journal = {The Journal of Machine Learning Research},
year = {2010},
volume = {11},
month = mar
}

